@Article{hanks2018,
  Author = {Hanks, Ephraim M. and Hooten, Mevin B. and Baker, Fred A.},
  Journal = {Ecological Applications},
  Number = {4},
  Pages = {1173--1188},
  Title = {Reconciling multiple data sources to improve accuracy of large-scale prediction of forest disease incidence},
  Volume = {21},
  Year = {2011},
  Doi = {10.1890/09-1549.1},
  File = {:home/shawn/Documents/Papers/09-1549.1.pdf:pdf},
  Isbn = {1051-0761},
  Issn = {10510761},
  Keywords = {Arceuthobium pusillum,Bayesian hierarchical models,Black spruce,Disease monitoring,Dwarf mistletoe,Multiple data sources,Northern Minnesota,Picea mariana,Spatial autocorrelation,USA},
  Mendeley.groups = {Phenology/NPN paper cites},
  Pmid = {21774422}
}


@Article{richardson2018,
  Author = {Richardson, Andrew D. and Hufkens, Koen and Milliman, Tom and Aubrecht, Donald M. and Chen, Min and Gray, Josh M. and Johnston, Miriam R. and Keenan, Trevor F. and Klosterman, Stephen T. and Kosmala, Margaret and Melaas, Eli K. and Friedl, Mark A. and Frolking, Steve},
  Journal = {Scientific Data},
  Month = {mar},
  Pages = {180028},
  Title = {Tracking vegetation phenology across diverse North American biomes using PhenoCam imagery},
  Volume = {5},
  Year = {2018},
  Doi = {10.1038/sdata.2018.28},
  Issn = {2052-4463},
  Mendeley.groups = {Phenology/NPN paper cites,Software/Data},
  Url = {http://www.nature.com/articles/sdata201828}
}


@Article{Tylianakis2008,
  Author = {Tylianakis, Jason M. and Didham, Raphael K. and Bascompte, Jordi and Wardle, David A.},
  Journal = {Ecology Letters},
  Month = {dec},
  Number = {12},
  Pages = {1351--1363},
  Title = {Global change and species interactions in terrestrial ecosystems},
  Volume = {11},
  Year = {2008},
  Doi = {10.1111/j.1461-0248.2008.01250.x},
  Issn = {1461023X},
  Mendeley.groups = {Phenology/NPN paper cites},
  Url = {http://doi.wiley.com/10.1111/j.1461-0248.2008.01250.x}
}


@Book{dietz2017,
  Author = {Dietze, Michael C},
  Publisher = {Princeton University Press},
  Title = {Ecological Forecasting},
  Year = {2017},
  Mendeley.groups = {Phenology/NPN paper cites}
}


@Article{elmendorf2016,
  Author = {Elmendorf, Sarah C. and Jones, Katherine D. and Cook, Benjamin I. and Diez, Jeffrey M. and Enquist, Carolyn A. F. and Hufft, Rebecca A. and Jones, Matthew O. and Mazer, Susan J. and Miller-Rushing, Abraham J. and Moore, David J. P. and Schwartz, Mark D. and Weltzin, Jake F.},
  Editor = {Hinckley, E.-L.},
  Journal = {Ecosphere},
  Month = {apr},
  Number = {4},
  Pages = {e01303},
  Title = {The plant phenology monitoring design for The National Ecological Observatory Network},
  Volume = {7},
  Year = {2016},
  Doi = {10.1002/ecs2.1303},
  Issn = {21508925},
  Mendeley.groups = {Phenology/NPN paper cites,Software/Data},
  Url = {http://doi.wiley.com/10.1002/ecs2.1303}
}


@Article{chuine2017,
  Author={Chuine, Isabelle and R{\'e}gni{\`e}re, Jacques},
  Journal = {Annu. Rev. Ecol. Evol. Syst},
  Pages = {159--82},
  Title = {Process-Based Models of Phenology for Plants and Animals},
  Volume = {48},
  Year = {2017},
  Doi = {10.1146/annurev-ecolsys-110316},
  File = {:home/shawn/Documents/Papers/annurev-ecolsys-110316-022706.pdf:pdf;:home/shawn/Documents/Papers/es48_chuine_supmat.pdf:pdf},
  Issn = {15452069},
  Keywords = {annual cycle,diapause,dormancy,environmental control,extratropical species,parameter estimation,response functions},
  Mendeley.groups = {Phenology,Phenology/NPN paper cites},
  Url = {https://doi.org/10.1146/annurev-ecolsys-110316-022706}
}


@Article{zhang2017,
  Author = {Zhang, Haicheng and Liu, Shuguang and Regnier, Pierre and Yuan, Wenping},
  Journal = {Global Change Biology},
  Month = {dec},
  Number = {10},
  Pages = {3218--3221},
  Title = {New insights on plant phenological response to temperature revealed from long-term widespread observations in China},
  Volume = {12},
  Year = {2017},
  Doi = {10.1111/gcb.14002},
  File = {:home/shawn/Documents/Papers/gcb14002.pdf:pdf},
  Mendeley.groups = {Phenology,Phenology/NPN paper cites},
  Url = {http://doi.wiley.com/10.1111/gcb.14002}
}


@Article{RICHARDSON2006,
  Author = {RICHARDSON, ANDREW D. and BAILEY, AMEY SCHENCK and DENNY, ELLEN G. and MARTIN, C. WAYNE and O'KEEFE, JOHN},
  Journal = {Global Change Biology},
  Month = {jul},
  Number = {7},
  Pages = {1174--1188},
  Title = {Phenology of a northern hardwood forest canopy},
  Volume = {12},
  Year = {2006},
  Doi = {10.1111/j.1365-2486.2006.01164.x},
  Issn = {1354-1013},
  Mendeley.groups = {Phenology/NPN paper cites/prior LTS studies},
  Url = {http://doi.wiley.com/10.1111/j.1365-2486.2006.01164.x}
}


@Article{Keenan2014,
  Author = {Keenan, Trevor F. and Gray, Josh and Friedl, Mark A. and Toomey, Michael and Bohrer, Gil and Hollinger, David Y. and Munger, J. William and O'Keefe, John and Schmid, Hans Peter and Wing, Ian Sue and Yang, Bai and Richardson, Andrew D.},
  Journal = {Nature Climate Change},
  Month = {jun},
  Number = {7},
  Pages = {598--604},
  Title = {Net carbon uptake has increased through warming-induced changes in temperate forest phenology},
  Volume = {4},
  Year = {2014},
  Doi = {10.1038/nclimate2253},
  Issn = {1758-678X},
  Mendeley.groups = {Phenology/NPN paper cites/prior LTS studies},
  Url = {http://www.nature.com/doifinder/10.1038/nclimate2253}
}


@Article{Friedl2014,
  Author = {Friedl, Mark A and Gray, Josh M and Melaas, Eli K and Richardson, Andrew D and Hufkens, Koen and Keenan, Trevor F and Bailey, Amey and O'Keefe, John},
  Journal = {Environmental Research Letters},
  Month = {may},
  Number = {5},
  Pages = {054006},
  Title = {A tale of two springs: using recent climate anomalies to characterize the sensitivity of temperate forest phenology to climate change},
  Volume = {9},
  Year = {2014},
  Doi = {10.1088/1748-9326/9/5/054006},
  Issn = {1748-9326},
  Mendeley.groups = {Phenology/NPN paper cites/prior LTS studies},
  Url = {http://stacks.iop.org/1748-9326/9/i=5/a=054006?key=crossref.dbfee3fd2472a71e55097052dd919590}
}


@Article{Jenkins2002,
  Author = {Jenkins, J. P. and Braswell, B. H. and Frolking, S. E. and Aber, J. D.},
  Journal = {Geophysical Research Letters},
  Month = {dec},
  Number = {24},
  Pages = {54--1--54--4},
  Title = {Detecting and predicting spatial and interannual patterns of temperate forest springtime phenology in the eastern U.S.},
  Volume = {29},
  Year = {2002},
  Doi = {10.1029/2001GL014008},
  Issn = {00948276},
  Mendeley.groups = {Phenology/NPN paper cites/prior LTS studies},
  Url = {http://doi.wiley.com/10.1029/2001GL014008}
}


@Article{fuccillo2015,
  Author = {Fuccillo, Kerissa K. and Crimmins, Theresa M. and de Rivera, Catherine E. and Elder, Timothy S.},
  Journal = {International Journal of Biometeorology},
  Number = {7},
  Pages = {917--926},
  Title = {Assessing accuracy in citizen science-based plant phenology monitoring},
  Volume = {59},
  Year = {2015},
  Doi = {10.1007/s00484-014-0892-7},
  File = {:home/shawn/Documents/Papers/s00484-014-0892-7.pdf:pdf},
  Isbn = {0020-7128},
  Issn = {00207128},
  Keywords = {Citizen science,Data accuracy,Nature's Notebook,Phenology,Protocols,USA National Phenology Network},
  Mendeley.groups = {Phenology/NPN paper cites},
  Pmid = {25179528}
}


@Article{blumel2012,
  Author = {Bl{\"{u}}mel, Klaus and Chmielewski, Frank M.},
  Journal = {Agricultural and Forest Meteorology},
  Pages = {10--19},
  Publisher = {Elsevier B.V.},
  Title = {Shortcomings of classical phenological forcing models and a way to overcome them},
  Volume = {164},
  Year = {2012},
  Doi = {10.1016/j.agrformet.2012.05.001},
  File = {:home/shawn/Documents/paper_organized/Bl{\"{u}}mel, Chmielewski_2012_Shortcomings of classical phenological forcing models and a way to overcome them.pdf:pdf},
  Isbn = {0168-1923},
  Issn = {01681923},
  Keywords = {Beginning of blossom,Climate change,Model comparison,Phenological modelling,Photoperiod,Spring-Warming model},
  Mendeley.groups = {Phenology,Phenology/NPN paper cites},
  Url = {http://dx.doi.org/10.1016/j.agrformet.2012.05.001}
}


@Article{beatley1974,
  Author = {Beatley, Janice C.},
  Journal = {Ecology},
  Month = {mar},
  Number = {2},
  Pages = {245--261},
  Title = {Effects of Rainfall and Temperature on the Distribution and Behavior of Larrea Tridentata (Creosote-Bush) in the Mojave Desert of Nevada},
  Volume = {55},
  Year = {1974},
  Doi = {10.2307/1935214},
  File = {:home/shawn/Documents/paper_organized/Beatley_1974_Effects of Rainfall and Temperature on the Distribution and Behavior of Larrea Tridentata (Creosote-Bush) in the Mojave Des.pdf:pdf},
  Issn = {00129658},
  Mendeley.groups = {Phenology/NPN paper cites,irregular phenology,irregular phenology/Larrea},
  Url = {http://doi.wiley.com/10.2307/1935214}
}


@Article{basler2016,
  Author = {Basler, David},
  Journal = {Agricultural and Forest Meteorology},
  Month = {feb},
  Pages = {10--21},
  Publisher = {Elsevier B.V.},
  Title = {Evaluating phenological models for the prediction of leaf-out dates in six temperate tree species across central Europe},
  Volume = {217},
  Year = {2016},
  Doi = {10.1016/j.agrformet.2015.11.007},
  File = {:home/shawn/Documents/paper_organized/Basler_2016_Evaluating phenological models for the prediction of leaf-out dates in six temperate tree species across central Europe.pdf:pdf;:home/shawn/Documents/paper_organized/Basler_2016_Evaluating phenological models for the prediction of leaf-out dates in six temperate tree species across central Europe(2).pdf:pdf;:home/shawn/Documents/paper_organized/Basler_2016_Evaluating phenological models for the prediction of leaf-out dates in six temperate tree species across central Europe(3).pdf:pdf},
  Isbn = {0168-1923},
  Issn = {01681923},
  Keywords = {Bud burst,Chilling,Photoperiod,Process-based,Spring phenology,Temperature},
  Mendeley.groups = {Phenology/With spatial component,Phenology,Phenology/Model Comparisons,Phenology/NPN paper cites},
  Url = {http://dx.doi.org/10.1016/j.agrformet.2015.11.007 http://linkinghub.elsevier.com/retrieve/pii/S0168192315007583}
}


@Article{theobald2017,
  Author = {Theobald, Elli J and Breckheimer, Ian and HilleRisLambers, Janneke},
  Journal = {Ecology},
  Month = {nov},
  Number = {11},
  Pages = {2799--2812},
  Title = {Climate drives phenological reassembly of a mountain wildflower meadow community},
  Volume = {98},
  Year = {2017},
  Doi = {10.1002/ecy.1996},
  File = {:home/shawn/Documents/paper_organized/Theobald, Breckheimer, HilleRisLambers_2017_Climate drives phenological reassembly of a mountain wildflower meadow community.pdf:pdf},
  Issn = {00129658},
  Keywords = {climate change,community shifts,disassembly,elevation gradient,global change,mutualisms,phenological synchrony},
  Mendeley.groups = {Phenology,Phenology/NPN paper cites},
  Pmid = {29023677},
  Url = {http://doi.wiley.com/10.1002/ecy.1996}
}


@Article{melaas2016,
  Author = {Melaas, Eli K. and Friedl, Mark A. and Richardson, Andrew D.},
  Journal = {Global Change Biology},
  Month = {feb},
  Number = {2},
  Pages = {792--805},
  Title = {Multiscale modeling of spring phenology across Deciduous Forests in the Eastern United States},
  Volume = {22},
  Year = {2016},
  Doi = {10.1111/gcb.13122},
  File = {:home/shawn/Documents/paper_organized/Melaas, Friedl, Richardson_2016_Multiscale modeling of spring phenology across Deciduous Forests in the Eastern United States.pdf:pdf;:home/shawn/Documents/paper_organized/Melaas, Friedl, Richardson_2016_Multiscale modeling of spring phenology across Deciduous Forests in the Eastern United States.docx:docx},
  Isbn = {1365-2486},
  Issn = {13541013},
  Keywords = {Deciduous forest,MODIS,Phenology models,Species composition,Spring phenology},
  Mendeley.groups = {Phenology/With spatial component,Phenology/NPN paper cites},
  Pmid = {26456080},
  Url = {http://doi.wiley.com/10.1111/gcb.13122}
}


@Article{ogilvie2017b,
  Author = {Ogilvie, Jane E and Griffin, Sean R and Gezon, Zachariah J and Inouye, Brian D and Underwood, Nora and Inouye, David W. and Irwin, Rebecca E.},
  Editor = {Bourke, Andrew},
  Journal = {Ecology Letters},
  Month = {dec},
  Number = {12},
  Pages = {1507--1515},
  Title = {Interannual bumble bee abundance is driven by indirect climate effects on floral resource phenology},
  Volume = {20},
  Year = {2017},
  Doi = {10.1111/ele.12854},
  File = {:home/shawn/Documents/paper_organized/Ogilvie et al._2017_Interannual bumble bee abundance is driven by indirect climate effects on floral resource phenology.pdf:pdf},
  Issn = {1461023X},
  Mendeley.groups = {Phenology/NPN paper cites,Bee Phenology},
  Url = {http://doi.wiley.com/10.1111/ele.12854}
}


@Article{crimmins2017,
  Author = {Crimmins, Theresa M. and Crimmins, Michael A and Gerst, Katharine L and Rosemartin, Alyssa H. and Weltzin, Jake F},
  Editor = {Rossi, Sergio},
  Journal = {PLOS ONE},
  Month = {aug},
  Number = {8},
  Pages = {e0182919},
  Title = {USA National Phenology Network's volunteer-contributed observations yield predictive models of phenological transitions},
  Volume = {12},
  Year = {2017},
  Doi = {10.1371/journal.pone.0182919},
  File = {:home/shawn/Documents/paper_organized/Crimmins et al._2017_USA National Phenology Network's volunteer-contributed observations yield predictive models of phenological trans.pdf:pdf},
  Isbn = {1111111111},
  Issn = {1932-6203},
  Mendeley.groups = {Phenology/With spatial component,Phenology,Phenology/NPN paper cites},
  Url = {http://dx.plos.org/10.1371/journal.pone.0182919}
}


@Article{ogilvie2017a,
  Author = {Ogilvie, Jane E and Forrest, Jessica RK},
  Journal = {Current Opinion in Insect Science},
  Month = {jun},
  Pages = {75--82},
  Publisher = {Elsevier Inc},
  Title = {Interactions between bee foraging and floral resource phenology shape bee populations and communities},
  Volume = {21},
  Year = {2017},
  Doi = {10.1016/j.cois.2017.05.015},
  File = {:home/shawn/Documents/paper_organized/Ogilvie, Forrest_2017_Interactions between bee foraging and floral resource phenology shape bee populations and communities.pdf:pdf},
  Issn = {22145745},
  Mendeley.groups = {Bee Phenology,Phenology/NPN paper cites},
  Url = {http://linkinghub.elsevier.com/retrieve/pii/S2214574517300408}
}


@Article{dietze2018,
  Author = {Dietze, Michael C. and Fox, Andrew and Beck-Johnson, Lindsay M. and Betancourt, Julio L. and Hooten, Mevin B. and Jarnevich, Catherine S. and Keitt, Timothy H. and Kenney, Melissa A. and Laney, Christine M. and Larsen, Laurel G. and Loescher, Henry W. and Lunch, Claire K. and Pijanowski, Bryan C. and Randerson, James T. and Read, Emily K. and Tredennick, Andrew T. and Vargas, Rodrigo and Weathers, Kathleen C. and White, Ethan P.},
  Journal = {Proceedings of the National Academy of Sciences},
  Month = {feb},
  Number = {7},
  Pages = {1424--1432},
  Title = {Iterative near-term ecological forecasting: Needs, opportunities, and challenges},
  Volume = {115},
  Year = {2018},
  Doi = {10.1073/pnas.1710231115},
  File = {:home/shawn/Documents/paper_organized/Dietze et al._2017_Iterative near-term ecological forecasting Needs, opportu- nities, and challenges.pdf:pdf;:home/shawn/Documents/Papers/1710231115.full.pdf:pdf},
  Issn = {0027-8424},
  Mendeley.groups = {Forecasting concepts,cost/loss modeling cites,Phenology/NPN paper cites},
  Url = {http://www.pnas.org/lookup/doi/10.1073/pnas.1710231115}
}


@Article{chuine2016,
  Author = {Chuine, Isabelle and Bonhomme, Marc and Legave, Jean Michel and {Garc{\'{i}}a de Cort{\'{a}}zar-Atauri}, I{\~{n}}aki and Charrier, Guillaume and Lacointe, Andr{\'{e}} and Am{\'{e}}glio, Thierry},
  Journal = {Global Change Biology},
  Number = {10},
  Pages = {3444--3460},
  Title = {Can phenological models predict tree phenology accurately in the future? The unrevealed hurdle of endodormancy break},
  Volume = {22},
  Year = {2016},
  Doi = {10.1111/gcb.13383},
  File = {:home/shawn/Documents/paper_organized/Chuine et al._2016_Can phenological models predict tree phenology accurately in the future The unrevealed hurdle of endodormancy break.pdf:pdf},
  Isbn = {1365-2486},
  Issn = {13652486},
  Keywords = {Juglans regia,Prunus armeniaca,Prunus persica,budbreak,climate change impact,endodormancy break,flowering,process-based phenological models},
  Mendeley.groups = {Phenology,Phenology/Model Comparisons,Phenology/NPN paper cites},
  Pmid = {27272707}
}


@Article{cosentino2014,
  Author = {Cosentino, Bradley J. and Marsh, David M. and Jones, Kara S. and Apodaca, Joseph J. and Bates, Christopher and Beach, Jessica and Beard, Karen H. and Becklin, Kelsie and Bell, Jane Margaret and Crockett, Christopher and Fawson, George and Fjelsted, Jennifer and Forys, Elizabeth A. and Genet, Kristen S. and Grover, Melanie and Holmes, Jaimie and Indeck, Katherine and Karraker, Nancy E. and Kilpatrick, Eran S. and Langen, Tom A. and Mugel, Stephen G. and Molina, Alessandro and Vonesh, James R. and Weaver, Ryan J. and Willey, Anisha},
  Journal = {Biological Conservation},
  Month = {dec},
  Pages = {31--38},
  Title = {Citizen science reveals widespread negative effects of roads on amphibian distributions},
  Volume = {180},
  Year = {2014},
  Doi = {10.1016/j.biocon.2014.09.027},
  Issn = {00063207},
  Mendeley.groups = {Phenology/NPN paper cites},
  Url = {http://linkinghub.elsevier.com/retrieve/pii/S0006320714003449}
}


@Article{Magill2004,
  Author = {Magill, Alison H and Aber, John D and Currie, William S and Nadelhoffer, Knute J and Martin, Mary E and McDowell, William H and Melillo, Jerry M and Steudler, Paul},
  Journal = {Forest Ecology and Management},
  Month = {jul},
  Number = {1},
  Pages = {7--28},
  Title = {Ecosystem response to 15 years of chronic nitrogen additions at the Harvard Forest LTER, Massachusetts, USA},
  Volume = {196},
  Year = {2004},
  Doi = {10.1016/j.foreco.2004.03.033},
  Issn = {03781127},
  Mendeley.groups = {Phenology/NPN paper cites},
  Url = {http://linkinghub.elsevier.com/retrieve/pii/S0378112704001896}
}


@Article{locey2013,
  Author = {Locey, Kenneth J. and White, Ethan P.},
  Editor = {Storch, David},
  Journal = {Ecology Letters},
  Month = {sep},
  Number = {9},
  Pages = {1177--1185},
  Title = {How species richness and total abundance constrain the distribution of abundance},
  Volume = {16},
  Year = {2013},
  Doi = {10.1111/ele.12154},
  Issn = {1461023X},
  Mendeley.groups = {Phenology/NPN paper cites},
  Url = {http://doi.wiley.com/10.1111/ele.12154}
}


@Article{gerst2017,
  Author = {Gerst, Katharine L. and Rossington, Natalie L. and Mazer, Susan J.},
  Journal = {Journal of Ecology},
  Month = {mar},
  Number = {1},
  Pages = {42--49},
  Title = {Phenological responsiveness to climate differs among four species of Quercus in North America},
  Volume = {38},
  Year = {2017},
  Doi = {10.1111/1365-2745.12774},
  File = {:home/shawn/Documents/paper_organized/Gerst, Rossington, Mazer_2017_Phenological responsiveness to climate differs among four species of Quercus in North America.pdf:pdf;:home/shawn/Documents/paper_organized/Gerst, Rossington, Mazer_2017_Phenological responsiveness to climate differs among four species of Quercus in North America(2).pdf:pdf},
  Isbn = {4955139574},
  Issn = {00220477},
  Keywords = {Cutoff criteria,D-dimer,Recurrence,Venous thromboembolism},
  Mendeley.groups = {Phenology/With spatial component,Phenology,Phenology/NPN paper cites},
  Pmid = {28199780},
  Url = {http://doi.wiley.com/10.1111/1365-2745.12774}
}


@Article{dickinson2010,
  Author = {Dickinson, Janis and Zuckerberg, Benjamin and Bonter, David},
  Journal = {Annual Review of Ecology, Evolution and Systematics},
  Number = {1},
  Pages = {149--172},
  Title = {Citizen Science as an Ecological Research Tool: Challenges and Benefits},
  Volume = {41},
  Year = {2010},
  Doi = {10.1146/annurev-ecolsys-102209-144636},
  File = {:home/shawn/Documents/paper_organized/Dickinson, Zuckerberg, Bonter_2010_Citizen Science as an Ecological Research Tool Challenges and Benefits.pdf:pdf},
  Isbn = {1543-592X 978-0-8243-1441-5},
  Issn = {1543-592X},
  Keywords = {biodiversity,climate change,crowdsourcing,ecology,fragmentation,geographical,habitat loss,invasive species,macroecology,monitoring,observer,population ecology,quality,sampling bias,sampling error,spatial ecology},
  Mendeley.groups = {Citizen Science/NPN,Phenology/NPN paper cites},
  Url = {http://dx.doi.org/10.1146/annurev-ecolsys-102209-144636}
}


@Article{tulloch2013,
  Author = {Tulloch, Ayesha I T and Possingham, Hugh P. and Joseph, Liana N. and Szabo, Judit and Martin, Tara G.},
  Journal = {Biological Conservation},
  Pages = {128--138},
  Publisher = {Elsevier Ltd},
  Title = {Realising the full potential of citizen science monitoring programs},
  Volume = {165},
  Year = {2013},
  Doi = {10.1016/j.biocon.2013.05.025},
  File = {:home/shawn/Documents/paper_organized/Tulloch et al._2013_Realising the full potential of citizen science monitoring programs.pdf:pdf},
  Isbn = {0006-3207},
  Issn = {00063207},
  Keywords = {Cost-effectiveness analysis,Crowd sourcing,Long-term ecological monitoring,Policy,Quality control,Return on investment,Social research,Volunteer surveying,citizen science},
  Mendeley.groups = {other,Citizen Science/NPN,Phenology/NPN paper cites},
  Url = {http://dx.doi.org/10.1016/j.biocon.2013.05.025},
  Mendeley.tags = {citizen science}
}


@Article{kelling2009,
  Author = {Kelling, Steve and Hochachka, Wesley M. and Fink, Daniel and Riedewald, Mirek and Caruana, Rich and Ballard, Grant and Hooker, Giles},
  Journal = {BioScience},
  Month = {jul},
  Number = {7},
  Pages = {613--620},
  Title = {Data-intensive Science: A New Paradigm for Biodiversity Studies},
  Volume = {59},
  Year = {2009},
  Doi = {10.1525/bio.2009.59.7.12},
  Issn = {0006-3568},
  Mendeley.groups = {Citizen Science/NPN,Phenology/NPN paper cites},
  Url = {https://academic.oup.com/bioscience/article-lookup/doi/10.1525/bio.2009.59.7.12}
}


@Article{kramer1995,
  Author = {Kramer, K.},
  Journal = {Plant, Cell and Environment},
  Month = {feb},
  Number = {2},
  Pages = {93--104},
  Title = {Phenotypic plasticity of the phenology of seven European tree species in relation to climatic warming},
  Volume = {18},
  Year = {1995},
  Doi = {10.1111/j.1365-3040.1995.tb00356.x},
  Issn = {0140-7791},
  Mendeley.groups = {Phenology/With spatial component,Phenology,Phenology/NPN paper cites},
  Url = {http://doi.wiley.com/10.1111/j.1365-3040.1995.tb00356.x}
}


@Article{iler2013,
  Author = {Iler, Amy M and H{\o}ye, Toke T and Inouye, David W and Schmidt, Niels M},
  Journal = {Philosophical Transactions of the Royal Society of London},
  Number = {1624},
  Pages = {20120489},
  Title = {Nonlinear flowering responses to climate: are species approaching their limits of phenological change?},
  Volume = {368},
  Year = {2013},
  Doi = {10.1098/rstb.2012.0489},
  File = {:home/shawn/Documents/paper_organized/Iler et al._2013_Nonlinear flowering responses to climate are species approaching their limits of phenological change.pdf:pdf;:home/shawn/Documents/paper_organized/Iler et al._2013_Nonlinear flowering responses to climate are species approaching their limits of phenological change(2).pdf:pdf},
  Isbn = {0962-8436},
  Issn = {1471-2970},
  Mendeley.groups = {Phenology,Interesting Stuff,Phenology/NPN paper cites},
  Pmid = {23836793},
  Url = {http://www.ncbi.nlm.nih.gov/pubmed/23836793}
}


@Article{richardson2012,
  Author = {Richardson, Andrew D. and Anderson, Ryan S. and Arain, M. Altaf and Barr, Alan G. and Bohrer, Gil and Chen, Guangsheng and Chen, Jing M. and Ciais, Philippe and Davis, Kenneth J. and Desai, Ankur R. and Dietze, Michael C. and Dragoni, Danilo and Garrity, Steven R. and Gough, Christopher M. and Grant, Robert and Hollinger, David Y. and Margolis, Hank A. and McCaughey, Harry and Migliavacca, Mirco and Monson, Russell K. and Munger, J. William and Poulter, Benjamin and Raczka, Brett M. and Ricciuto, Daniel M. and Sahoo, Alok K. and Schaefer, Kevin and Tian, Hanqin and Vargas, Rodrigo and Verbeeck, Hans and Xiao, Jingfeng and Xue, Yongkang},
  Journal = {Global Change Biology},
  Month = {feb},
  Number = {2},
  Pages = {566--584},
  Title = {Terrestrial biosphere models need better representation of vegetation phenology: results from the North American Carbon Program Site Synthesis},
  Volume = {18},
  Year = {2012},
  Doi = {10.1111/j.1365-2486.2011.02562.x},
  Issn = {13541013},
  Mendeley.groups = {Phenology,Phenology/NPN paper cites},
  Url = {http://doi.wiley.com/10.1111/j.1365-2486.2011.02562.x}
}


@Article{gerst2016,
  Author = {Gerst, Katharine L. and Kellermann, Jherime L. and Enquist, Carolyn A. F. and Rosemartin, Alyssa H. and Denny, Ellen G.},
  Journal = {International Journal of Biometeorology},
  Month = {mar},
  Number = {3},
  Pages = {391--400},
  Title = {Estimating the onset of spring from a complex phenology database: trade-offs across geographic scales},
  Volume = {60},
  Year = {2016},
  Doi = {10.1007/s00484-015-1036-4},
  File = {:home/shawn/Documents/paper_organized/Gerst et al._2016_Estimating the onset of spring from a complex phenology database trade-offs across geographic scales.pdf:pdf},
  Issn = {0020-7128},
  Mendeley.groups = {Phenology/With spatial component,Phenology,Citizen Science/NPN,Phenology/NPN paper cites},
  Url = {http://link.springer.com/10.1007/s00484-015-1036-4}
}


@Article{olsson2014,
  Author = {Olsson, Cecilia and J{\"{o}}nsson, Anna Maria},
  Journal = {Global Change Biology},
  Month = {nov},
  Number = {11},
  Pages = {3492--3507},
  Title = {Process-based models not always better than empirical models for simulating budburst of Norway spruce and birch in Europe},
  Volume = {20},
  Year = {2014},
  Doi = {10.1111/gcb.12593},
  File = {:home/shawn/Documents/paper_organized/Olsson, J{\"{o}}nsson_2014_Process-based models not always better than empirical models for simulating budburst of Norway spruce and birch in.pdf:pdf},
  Isbn = {1365-2486 (Electronic) 1354-1013 (Linking)},
  Issn = {13541013},
  Keywords = {Betula pendula,Budburst models,Calibration,Chilling,Day length,Forcing,Picea abies,spatial},
  Mendeley.groups = {Phenology/With spatial component,Phenology,Phenology/NPN paper cites},
  Pmid = {24700779},
  Url = {http://doi.wiley.com/10.1111/gcb.12593},
  Mendeley.tags = {spatial}
}


@Article{richardson2013,
  Author = {Richardson, Andrew D. and Keenan, Trevor F. and Migliavacca, Mirco and Ryu, Youngryel and Sonnentag, Oliver and Toomey, Michael},
  Journal = {Agricultural and Forest Meteorology},
  Pages = {156--173},
  Publisher = {Elsevier B.V.},
  Title = {Climate change, phenology, and phenological control of vegetation feedbacks to the climate system},
  Volume = {169},
  Year = {2013},
  Doi = {10.1016/j.agrformet.2012.09.012},
  File = {:home/shawn/Documents/paper_organized/Richardson et al._2013_Climate change, phenology, and phenological control of vegetation feedbacks to the climate system.pdf:pdf},
  Isbn = {0168-1923},
  Issn = {01681923},
  Keywords = {Autumn senescence,Biosphere-atmosphere interactions,Budburst,Carbon cycle,Climate change,Global warming,Models,Phenology,Seasonality,Spring onset},
  Mendeley.groups = {Phenology,Phenology/NPN paper cites},
  Url = {http://dx.doi.org/10.1016/j.agrformet.2012.09.012}
}


@Article{hannerz2003,
  Author = {Hannerz, M and Norell, I Ekberg L},
  Journal = {Silvae Genetica},
  Number = {3-4},
  Title = {Variation in chilling requirements for completing bud rest between provenances of Norway spruce},
  Volume = {52},
  Year = {2003},
  File = {:home/shawn/Documents/paper_organized/Hannerz, Norell_2003_Variation in chilling requirements for completing bud rest between provenances of Norway spruce.pdf:pdf},
  Mendeley.groups = {Phenology,Phenology/NPN paper cites}
}


@Article{Olsson2013,
  Author = {Olsson, Cecilia and Bolmgren, Kjell and Lindstr{\"{o}}m, Johan and J{\"{o}}nsson, Anna Maria},
  Journal = {Ecological Modelling},
  Number = {1},
  Pages = {103--117},
  Publisher = {Elsevier B.V.},
  Title = {Performance of tree phenology models along a bioclimatic gradient in Sweden},
  Volume = {266},
  Year = {2013},
  Doi = {10.1016/j.ecolmodel.2013.06.026},
  File = {:home/shawn/Documents/paper_organized/Olsson et al._2013_Performance of tree phenology models along a bioclimatic gradient in Sweden.pdf:pdf},
  Issn = {03043800},
  Keywords = {Budburst model,Forcing units,Temperature sums,Tree phenology,spatial},
  Mendeley.groups = {Phenology/With spatial component,Phenology,Phenology/Model Comparisons,Phenology/NPN paper cites},
  Url = {http://dx.doi.org/10.1016/j.ecolmodel.2013.06.026},
  Mendeley.tags = {spatial}
}


@Article{cleland2007,
  Author = {Cleland, E and Chuine, I and Menzel, A and Mooney, H and Schwartz, M},
  Journal = {Trends in Ecology & Evolution},
  Month = {jul},
  Number = {7},
  Pages = {357--365},
  Title = {Shifting plant phenology in response to global change},
  Volume = {22},
  Year = {2007},
  Doi = {10.1016/j.tree.2007.04.003},
  Issn = {01695347},
  Mendeley.groups = {Phenology,Phenology/NPN paper cites},
  Url = {http://linkinghub.elsevier.com/retrieve/pii/S0169534707001309}
}


@Article{storn1997,
  Author = {Storn, Rainer and Price, Kenneth},
  Journal = {Journal of Global Optimization},
  Number = {4},
  Pages = {341--359},
  Title = {Differential Evolution – A Simple and Efficient Heuristic for global Optimization over Continuous Spaces},
  Volume = {11},
  Year = {1997},
  Doi = {10.1023/A:1008202821328},
  Issn = {09255001},
  Mendeley.groups = {Software/Data,Phenology/NPN paper cites},
  Url = {http://link.springer.com/10.1023/A:1008202821328}
}


@Article{denny2014,
  Author = {Denny, Ellen G. and Gerst, Katharine L. and Miller-Rushing, Abraham J. and Tierney, Geraldine L. and Crimmins, Theresa M. and Enquist, Carolyn A. F. and Guertin, Patricia and Rosemartin, Alyssa H. and Schwartz, Mark D. and Thomas, Kathryn A. and Weltzin, Jake F.},
  Journal = {International Journal of Biometeorology},
  Month = {may},
  Number = {4},
  Pages = {591--601},
  Title = {Standardized phenology monitoring methods to track plant and animal activity for science and resource management applications},
  Volume = {58},
  Year = {2014},
  Doi = {10.1007/s00484-014-0789-5},
  File = {:home/shawn/Documents/paper_organized/Denny et al._2014_Standardized phenology monitoring methods to track plant and animal activity for science and resource management appli.pdf:pdf},
  Issn = {0020-7128},
  Mendeley.groups = {Phenology,Phenology/NPN paper cites},
  Url = {http://link.springer.com/10.1007/s00484-014-0789-5}
}


@Article{cannell1983,
  Author = {Cannell, M. G. R. and Smith, R. I.},
  Journal = {The Journal of Applied Ecology},
  Month = {dec},
  Number = {3},
  Pages = {951},
  Title = {Thermal Time, Chill Days and Prediction of Budburst in Picea sitchensis},
  Volume = {20},
  Year = {1983},
  Doi = {10.2307/2403139},
  File = {:home/shawn/Documents/paper_organized/Cannell, Smith_1983_Thermal Time, Chill Days and Prediction of Budburst in Picea sitchensis.pdf:pdf},
  Issn = {00218901},
  Mendeley.groups = {Phenology,Phenology/NPN paper cites},
  Url = {http://www.jstor.org/stable/2403139?origin=crossref}
}


@Article{Ibanez2010,
  Author = {Ib{\'{a}}{\~{n}}ez, In{\'{e}}s and Primack, Richard B and Miller-Rushing, Abraham J and Ellwood, Elizabeth and Higuchi, Hiroyoshi and Lee, Sang Don and Kobori, Hiromi and Silander, John A},
  Journal = {Philosophical transactions of the Royal Society of London. Series B, Biological sciences},
  Number = {1555},
  Pages = {3247--60},
  Title = {Forecasting phenology under global warming.},
  Volume = {365},
  Year = {2010},
  Doi = {10.1098/rstb.2010.0120},
  File = {:home/shawn/Documents/paper_organized/Ib{\'{a}}{\~{n}}ez et al._2010_Forecasting phenology under global warming.pdf:pdf},
  Isbn = {1471-2970 (Electronic)\r0962-8436 (Linking)},
  Issn = {1471-2970},
  Keywords = {Climate Change,Ecosystem,Japan,Models, Biological,Plant Development,Plant Leaves,Plant Leaves: physiology,Regression Analysis,Seasons},
  Mendeley.groups = {Phenology,Phenology/NPN paper cites},
  Pmid = {20819816},
  Url = {http://www.pubmedcentral.nih.gov/articlerender.fcgi?artid=2981942&tool=pmcentrez&rendertype=abstract}
}


@Article{garcia-mozo2008,
  Author = {Garc{\'{i}}a-Mozo, H. and Chuine, I. and Aira, M.J. and Belmonte, J. and Bermejo, D. and {D{\'{i}}az de la Guardia}, C. and Elvira, B. and Guti{\'{e}}rrez, M. and Rodr{\'{i}}guez-Rajo, J. and Ruiz, L. and Trigo, M.M. and Tormo, R. and Valencia, R. and Gal{\'{a}}n, C.},
  Journal = {Agricultural and Forest Meteorology},
  Month = {mar},
  Number = {3},
  Pages = {372--380},
  Title = {Regional phenological models for forecasting the start and peak of the Quercus pollen season in Spain},
  Volume = {148},
  Year = {2008},
  Doi = {10.1016/j.agrformet.2007.09.013},
  File = {:home/shawn/Documents/paper_organized/Garc{\'{i}}a-Mozo et al._2008_Regional phenological models for forecasting the start and peak of the Quercus pollen season in Spain.pdf:pdf},
  Issn = {01681923},
  Mendeley.groups = {Phenology/With spatial component,Phenology,Phenology/NPN paper cites},
  Url = {http://linkinghub.elsevier.com/retrieve/pii/S0168192307002602}
}


@Article{xu2013,
  Author = {Xu, Lin and Chen, Xiaoqiu},
  Journal = {Global Change Biology},
  Month = {apr},
  Number = {4},
  Pages = {1275--1284},
  Title = {Regional unified model-based leaf unfolding prediction from 1960 to 2009 across northern China},
  Volume = {19},
  Year = {2013},
  Doi = {10.1111/gcb.12095},
  File = {:home/shawn/Documents/paper_organized/Xu, Chen_2013_Regional unified model-based leaf unfolding prediction from 1960 to 2009 across northern China.pdf:pdf;:home/shawn/Documents/paper_organized/Xu, Chen_2013_Regional unified model-based leaf unfolding prediction from 1960 to 2009 across northern China.docx:docx},
  Isbn = {1354-1013 (Print)\r1354-1013 (Linking)},
  Issn = {13541013},
  Keywords = {Bottom-up approach,Climate change,Forcing and chilling requirements,Leaf unfolding,Regional unified model,Spatiotemporal prediction,Tree phenology},
  Mendeley.groups = {Phenology/With spatial component,Phenology,Phenology/Model Comparisons,Phenology/NPN paper cites},
  Pmid = {23504902},
  Url = {http://doi.wiley.com/10.1111/gcb.12095}
}


@Article{diez2012,
  Author = {Diez, Jeffrey M. and Ib{\'{a}}{\~{n}}ez, In{\'{e}}s and Miller-Rushing, Abraham J. and Mazer, Susan J. and Crimmins, Theresa M. and Crimmins, Michael A. and Bertelsen, C. David and Inouye, David W.},
  Journal = {Ecology Letters},
  Month = {jun},
  Number = {6},
  Pages = {545--553},
  Title = {Forecasting phenology: from species variability to community patterns},
  Volume = {15},
  Year = {2012},
  Doi = {10.1111/j.1461-0248.2012.01765.x},
  File = {:home/shawn/Documents/paper_organized/Diez et al._2012_Forecasting phenology from species variability to community patterns.pdf:pdf},
  Issn = {1461023X},
  Mendeley.groups = {Phenology,Phenology/NPN paper cites},
  Url = {http://doi.wiley.com/10.1111/j.1461-0248.2012.01765.x}
}


@Article{Botta2000,
  Author = {Botta, A. and Viovy, N. and Ciais, P. and Friedlingstein, P. and Monfray, P.},
  Journal = {Global Change Biology},
  Month = {oct},
  Number = {7},
  Pages = {709--725},
  Title = {A global prognostic scheme of leaf onset using satellite data},
  Volume = {6},
  Year = {2000},
  Doi = {10.1046/j.1365-2486.2000.00362.x},
  File = {:home/shawn/Documents/paper_organized/Botta et al._2000_A global prognostic scheme of leaf onset using satellite data.pdf:pdf},
  Issn = {1354-1013},
  Mendeley.groups = {Phenology,Phenology/NPN paper cites},
  Url = {http://doi.wiley.com/10.1046/j.1365-2486.2000.00362.x}
}


@Article{npncitation,
  Author = {Schwartz, Mark D and Betancourt, Julio L and Weltzin, Jake F},
  Journal = {Frontiers in Ecology and the Environment},
  Month = {aug},
  Number = {6},
  Pages = {324--327},
  Title = {From Caprio's lilacs to the USA National Phenology Network},
  Volume = {10},
  Year = {2012},
  Doi = {10.1890/110281},
  Issn = {1540-9295},
  Mendeley.groups = {Software/Data,Phenology/NPN paper cites},
  Url = {http://doi.wiley.com/10.1890/110281}
}


@Article{wolkovich2012,
  Author = {Wolkovich, E. M. and Cook, B. I. and Allen, J. M. and Crimmins, T. M. and Betancourt, J. L. and Travers, S. E. and Pau, S. and Regetz, J. and Davies, T. J. and Kraft, N. J. B. and Ault, T. R. and Bolmgren, K. and Mazer, S. J. and McCabe, G. J. and McGill, B. J. and Parmesan, C. and Salamin, N. and Schwartz, M. D. and Cleland, E. E.},
  Journal = {Nature},
  Month = {may},
  Number = {7399},
  Pages = {494--497},
  Title = {Warming experiments underpredict plant phenological responses to climate change},
  Volume = {485},
  Year = {2012},
  Doi = {10.1038/nature11014},
  File = {:home/shawn/Documents/paper_organized/Wolkovich et al._2012_Warming experiments underpredict plant phenological responses to climate change.pdf:pdf;:home/shawn/Documents/paper_organized/Wolkovich et al._2012_Warming experiments underpredict plant phenological responses to climate change(2).pdf:pdf},
  Issn = {0028-0836},
  Mendeley.groups = {Phenology,Phenology/NPN paper cites},
  Url = {http://www.nature.com/doifinder/10.1038/nature11014 http://www.nature.com/articles/nature11014}
}


@Article{chuine2000,
  Author = {Chuine, Isabelle},
  Journal = {Journal of Theoretical Biology},
  Month = {dec},
  Number = {3},
  Pages = {337--347},
  Title = {A Unified Model for Budburst of Trees},
  Volume = {207},
  Year = {2000},
  Doi = {10.1006/jtbi.2000.2178},
  File = {:home/shawn/Documents/paper_organized/Chuine_2000_A Unified Model for Budburst of Trees.pdf:pdf},
  Isbn = {0022-5193},
  Issn = {00225193},
  Mendeley.groups = {Phenology,Phenology/NPN paper cites},
  Pmid = {11082304},
  Url = {http://linkinghub.elsevier.com/retrieve/pii/S0022519300921787}
}


@Article{roberts2015,
  Author = {Roberts, Adrian M I and Tansey, Christine and Smithers, Richard J. and Phillimore, Albert B.},
  Journal = {Global Change Biology},
  Month = {jul},
  Number = {7},
  Pages = {2603--2611},
  Title = {Predicting a change in the order of spring phenology in temperate forests},
  Volume = {21},
  Year = {2015},
  Doi = {10.1111/gcb.12896},
  File = {:home/shawn/Documents/paper_organized/Roberts et al._2015_Predicting a change in the order of spring phenology in temperate forests.pdf:pdf;:home/shawn/Documents/paper_organized/Roberts et al._2015_Predicting a change in the order of spring phenology in temperate forests.docx:docx},
  Isbn = {1365-2486 (Electronic)\r1354-1013 (Linking)},
  Issn = {13652486},
  Keywords = {Chilling,Climate change,Forcing,Growing degree-day,Phenology,Plasticity,Prediction,Shade,Species interactions},
  Mendeley.groups = {Phenology,Phenology/Model Comparisons,Phenology/NPN paper cites},
  Pmid = {25731862},
  Url = {http://doi.wiley.com/10.1111/gcb.12896}
}


@Article{clark2014,
  Author = {Clark, James S. and Melillo, Jerry and Mohan, Jacqueline and Salk, Carl},
  Journal = {Global Change Biology},
  Month = {apr},
  Number = {4},
  Pages = {1136--1145},
  Title = {The seasonal timing of warming that controls onset of the growing season},
  Volume = {20},
  Year = {2014},
  Doi = {10.1111/gcb.12420},
  File = {:home/shawn/Documents/paper_organized/Clark et al._2014_The seasonal timing of warming that controls onset of the growing season.pdf:pdf;:home/shawn/Documents/paper_organized/Clark et al._2014_The seasonal timing of warming that controls onset of the growing season(2).pdf:pdf},
  Issn = {13541013},
  Mendeley.groups = {Phenology,Phenology/NPN paper cites},
  Url = {http://doi.wiley.com/10.1111/gcb.12420}
}


@Article{caradonna2014,
  Author = {CaraDonna, Paul J. and Iler, Amy M. and Inouye, David W.},
  Journal = {Proceedings of the National Academy of Sciences},
  Month = {apr},
  Number = {13},
  Pages = {4916--4921},
  Title = {Shifts in flowering phenology reshape a subalpine plant community},
  Volume = {111},
  Year = {2014},
  Doi = {10.1073/pnas.1323073111},
  File = {:home/shawn/Documents/paper_organized/CaraDonna, Iler, Inouye_2014_Shifts in flowering phenology reshape a subalpine plant community.pdf:pdf},
  Issn = {0027-8424},
  Mendeley.groups = {Phenology,Phenology/NPN paper cites},
  Url = {http://www.pnas.org/lookup/doi/10.1073/pnas.1323073111}
}


@Article{jeong2013,
  Author = {Jeong, Su-Jong and Medvigy, David and Shevliakova, Elena and Malyshev, Sergey},
  Journal = {Geophysical Research Letters},
  Month = {jan},
  Number = {2},
  Pages = {359--364},
  Title = {Predicting changes in temperate forest budburst using continental-scale observations and models},
  Volume = {40},
  Year = {2013},
  Doi = {10.1029/2012Gl054431},
  File = {:home/shawn/Documents/paper_organized/Jeong et al._2013_Predicting changes in temperate forest budburst using continental-scale observations and models.pdf:pdf},
  Isbn = {0094-8276},
  Issn = {00948276},
  Mendeley.groups = {Phenology/With spatial component,Phenology,Phenology/NPN paper cites},
  Url = {http://doi.wiley.com/10.1029/2012Gl054431}
}


@Article{cook2012,
  Author = {Cook, B. I. and Wolkovich, E. M. and Parmesan, C.},
  Journal = {Proceedings of the National Academy of Sciences},
  Month = {jun},
  Number = {23},
  Pages = {9000--9005},
  Title = {Divergent responses to spring and winter warming drive community level flowering trends},
  Volume = {109},
  Year = {2012},
  Doi = {10.1073/pnas.1118364109},
  File = {:home/shawn/Documents/paper_organized/Cook, Wolkovich, Parmesan_2012_Divergent responses to spring and winter warming drive community level flowering trends.pdf:pdf},
  Isbn = {0027-8424},
  Issn = {0027-8424},
  Mendeley.groups = {Phenology,Phenology/Model Comparisons,Phenology/NPN paper cites},
  Pmid = {22615406},
  Url = {http://www.pnas.org/cgi/doi/10.1073/pnas.1118364109}
}


@Incollection{chuine2013,
  Address = {Dordrecht},
  Author = {Chuine, Isabelle and de Cortazar-Atauri, I{\~{n}}aki Garcia and Kramer, Koen and H{\"{a}}nninen, Heikki},
  Booktitle = {Phenology: An Integrative Environmental Science},
  Editor = {Schwartz, Mark D.},
  Pages = {275--293},
  Publisher = {Springer Netherlands},
  Title = {Plant Development Models},
  Year = {2013},
  Doi = {10.1007/978-94-007-6925-0_15},
  File = {:home/shawn/Documents/paper_organized/Chuine et al._2013_Plant Development Models.pdf:pdf},
  Isbn = {9789400769250},
  Issn = {1095-5674},
  Mendeley.groups = {Phenology,Phenology/NPN paper cites},
  Pmid = {25246403},
  Url = {http://link.springer.com/10.1007/978-94-007-6925-0_15},
  Archiveprefix = {arXiv},
  Arxivid = {arXiv:1011.1669v3},
  Eprint = {arXiv:1011.1669v3}
}


@Article{tang2016,
  Author = {Tang, Jianwu and K{\"{o}}rner, Christian and Muraoka, Hiroyuki and Piao, Shilong and Shen, Miaogen and Thackeray, Stephen J. and Yang, Xi},
  Journal = {Ecosphere},
  Month = {aug},
  Number = {8},
  Pages = {e01436},
  Title = {Emerging opportunities and challenges in phenology: a review},
  Volume = {7},
  Year = {2016},
  Doi = {10.1002/ecs2.1436},
  File = {:home/shawn/Documents/paper_organized/Tang et al._2016_Emerging opportunities and challenges in phenology a review.pdf:pdf},
  Issn = {21508925},
  Mendeley.groups = {Phenology,Archive/GRFP Cites,Phenology/NPN paper cites},
  Url = {http://doi.wiley.com/10.1002/ecs2.1436}
}


@Article{houlahan2017,
  Author = {Houlahan, Jeff E and McKinney, Shawn T. and Anderson, T. Michael and McGill, Brian J.},
  Journal = {Oikos},
  Month = {jan},
  Number = {1},
  Pages = {1--7},
  Title = {The priority of prediction in ecological understanding},
  Volume = {126},
  Year = {2017},
  Doi = {10.1111/oik.03726},
  File = {:home/shawn/Documents/paper_organized/Houlahan et al._2017_The priority of prediction in ecological understanding.pdf:pdf},
  Issn = {00301299},
  Mendeley.groups = {Archive/GRFP Cites,Forecasting concepts,Phenology/NPN paper cites,Scale Project/Paper refs},
  Url = {http://doi.wiley.com/10.1111/oik.03726}
}


@Article{luo2011,
  Author = {Luo, Yiqi and Ogle, Kiona and Tucker, Colin and Fei, Shenfeng and Gao, Chao and LaDeau, Shannon and Clark, James S. and Schimel, David S.},
  Journal = {Ecological Applications},
  Month = {jul},
  Number = {5},
  Pages = {1429--1442},
  Title = {Ecological forecasting and data assimilation in a data-rich era},
  Volume = {21},
  Year = {2011},
  Doi = {10.1890/09-1275.1},
  File = {:home/shawn/Documents/paper_organized/Luo et al._2011_Ecological forecasting and data assimilation in a data-rich era.pdf:pdf},
  Issn = {1051-0761},
  Mendeley.groups = {Scale Project/Paper refs,Forecasting concepts/more data,Phenology/NPN paper cites},
  Url = {http://doi.wiley.com/10.1890/09-1275.1}
}


@Article{hitch2007,
  Author = {Hitch, Alan T. and Leberg, Paul L.},
  Journal = {Conservation Biology},
  Month = {apr},
  Number = {2},
  Pages = {534--539},
  Title = {Breeding Distributions of North American Bird Species Moving North as a Result of Climate Change},
  Volume = {21},
  Year = {2007},
  Doi = {10.1111/j.1523-1739.2006.00609.x},
  Issn = {0888-8892},
  Mendeley.groups = {Scale Project/Bird stuff,Phenology/NPN paper cites},
  Url = {http://doi.wiley.com/10.1111/j.1523-1739.2006.00609.x}
}


@Article{clark2001,
  Author = {Clark, James S. and Carpenter, S R and Barber, M and Collins, S and Dobson, A and Foley, J A and Lodge, D M and Pascual, M and Pielke, R and Pizer, W and Pringle, C and Reid, W V and Rose, K A and Sala, O and Schlesinger, W H and Wall, D H and Wear, D},
  Journal = {Science (New York, N.Y.)},
  Month = {jul},
  Number = {5530},
  Pages = {657--60},
  Title = {Ecological forecasts: an emerging imperative.},
  Volume = {293},
  Year = {2001},
  Doi = {10.1126/science.293.5530.657},
  File = {:home/shawn/Documents/paper_organized/Clark et al._2001_Ecological forecasts an emerging imperative.pdf:pdf},
  Isbn = {0036-8075},
  Issn = {0036-8075},
  Keywords = {Agriculture,Animals,Decision Making,Disease Outbreaks,Ecology,Ecosystem,Epidemiology,Forecasting,Humans,Policy Making,Population Growth,Stochastic Processes},
  Mendeley.groups = {Forecasting concepts,cost/loss modeling cites,Phenology/NPN paper cites},
  Pmid = {11474103},
  Url = {http://www.sciencemag.org/cgi/doi/10.1126/science.293.5530.657 http://www.ncbi.nlm.nih.gov/pubmed/11474103}
}


@Article{ogle2015,
  Author = {Ogle, Kiona and Barber, Jarrett J. and Barron-Gafford, Greg a. and Bentley, Lisa Patrick and Young, Jessica M. and Huxman, Travis E. and Loik, Michael E. and Tissue, David T.},
  Journal = {Ecology Letters},
  Number = {3},
  Pages = {221--235},
  Title = {Quantifying ecological memory in plant and ecosystem processes},
  Volume = {18},
  Year = {2015},
  Doi = {10.1111/ele.12399},
  File = {:home/shawn/Documents/paper_organized/Ogle et al._2015_Quantifying ecological memory in plant and ecosystem processes.pdf:pdf},
  Issn = {1461023X},
  Keywords = {18,2015,221,235,antecedent conditions,duction,ecology letters,forecasting,hierarchical bayesian model,lag effects,legacy effects,net primary pro-,soil respiration,stomatal conductance,time-series,tree growth,tree rings},
  Mendeley.groups = {Ethan Readings,Phenology/NPN paper cites},
  Url = {http://doi.wiley.com/10.1111/ele.12399},
  Mendeley.tags = {forecasting}
}


@Misc{schulze2017,
  Address = {Corvallis, OR},
  Author = {Schulze, Mark D.},
  Howpublished = {\url{http://andlter.forestry.oregonstate.edu/data/abstract.aspx?dbcode=TV075}},
  Publisher = {Forest Science Data Bank},
  Title = {Vegetative Phenology observations at the Andrews Experimental Forest, 2009 - Present. Long-Term Ecological Research. Forest Science Data Bank. Corvallis, OR},
  Year = {2017},
  Mendeley.groups = {Software/Data,Software/Data/NPN-LTER Paper citations},
  Url = {http://andlter.forestry.oregonstate.edu/data/abstract.aspx?dbcode=TV075}
}


@Book{ggplot2,
  Author = {Wickham, Hadley},
  Publisher = {Springer-Verlag New York},
  Title = {ggplot2: Elegant Graphics for Data Analysis},
  Year = {2016},
  Isbn = {978-3-319-24277-4},
  Mendeley.groups = {Software/Data/NPN-LTER Paper citations},
  Url = {http://ggplot2.org}
}


@Article{lubridate,
  Author = {Grolemund, Garrett and Wickham, Hadley},
  Journal = {Journal of Statistical Software},
  Number = {3},
  Pages = {1--25},
  Title = {Dates and Times Made Easy with {lubridate}},
  Volume = {40},
  Year = {2011},
  Mendeley.groups = {Software/Data/NPN-LTER Paper citations},
  Url = {http://www.jstatsoft.org/v40/i03/}
}


@Article{mpi4py,
  Author = {Dalcin, Lisandro D. and Paz, Rodrigo R. and Kler, Pablo A. and Cosimo, Alejandro},
  Journal = {Advances in Water Resources},
  Month = {sep},
  Number = {9},
  Pages = {1124--1139},
  Title = {Parallel distributed computing using Python},
  Volume = {34},
  Year = {2011},
  Doi = {10.1016/j.advwatres.2011.04.013},
  Issn = {03091708},
  Mendeley.groups = {Software/Data/NPN-LTER Paper citations},
  Url = {http://linkinghub.elsevier.com/retrieve/pii/S0309170811000777}
}


@Manual{tidyr,
  Author = {Wickham, Hadley and Henry, Lionel},
  Title = {tidyr: Easily Tidy Data with 'spread()' and 'gather()' Functions},
  Year = {2018},
  Mendeley.groups = {Software/Data/NPN-LTER Paper citations},
  Url = {https://cran.r-project.org/package=tidyr}
}


@Misc{bailey2018,
  Author = {Bailey, Amey},
  Howpublished = {\url{https://doi.org/10.6073/pasta/765084e2b4a5ec389403238c58784572}},
  Publisher = {Environmental Data Initiative},
  Title = {Hubbard Brook Experimental Forest (US Forest Service): Routine Seasonal Phenology Measurements, 1989 - present. Environmental Data Initiative},
  Year = {2018},
  Mendeley.groups = {Software/Data,Software/Data/NPN-LTER Paper citations},
  Url = {https://doi.org/10.6073/pasta/765084e2b4a5ec389403238c58784572}
}


@Misc{numpy,
  Author = {Oliphant, Travis},
  Howpublished = {USA: Trelgol Publishing},
  Publisher = {Trelgol Publishing},
  Title = {A guide to NumPy},
  Year = {2006},
  Mendeley.groups = {Software/Data,Software/Data/NPN-LTER Paper citations}
}


@Inproceedings{pandas,
  Author = {McKinney, Wes},
  Booktitle = {Proceedings of the 9th Python in Science Conference},
  Pages = {51--56},
  Title = {Data Structures for Statistical Computing in Python},
  Year = {2010},
  Mendeley.groups = {Software/Data,Software/Data/NPN-LTER Paper citations},
  Url = {http://conference.scipy.org/proceedings/scipy2010/mckinney.html}
}


@Article{sp1,
  Author = {Pebesma, Edzer J and Bivand, Roger S},
  Journal = {R News},
  Month = {nov},
  Number = {2},
  Pages = {9--13},
  Title = {Classes and methods for spatial data in {R}},
  Volume = {5},
  Year = {2005},
  Mendeley.groups = {Archive/bbs-forecasting citations,Software/Data/NPN-LTER Paper citations},
  Url = {https://cran.r-project.org/doc/Rnews/}
}


@Misc{dplyr,
  Author = {Wickham, Hadley and Francois, Romain and Henry, Lionel and M{\"{u}}ller, Kirill},
  Title = {dplyr: A Grammar of Data Manipulation},
  Year = {2017},
  Mendeley.groups = {Archive/bbs-forecasting citations,Software/Data/NPN-LTER Paper citations},
  Url = {https://cran.r-project.org/package=dplyr}
}


@Misc{prismR,
  Author = {Hart, Edmund M and Bell, Kendon},
  Howpublished = {\url{http://github.com/ropensci/prism}},
  Title = {prism: Download data from the Oregon prism project},
  Year = {2015},
  Doi = {10.5281/zenodo.33663},
  Mendeley.groups = {Archive/bbs-forecasting citations,Software/Data/NPN-LTER Paper citations},
  Url = {http://github.com/ropensci/prism}
}


@Misc{rasterR,
  Author = {Hijmans, Robert J.},
  Howpublished = {\url{https://CRAN.R-project.org/package=raster}},
  Title = {raster: Geographic data analysis and modeling. R package version 2.6-7},
  Year = {2017},
  Mendeley.groups = {Software/Data,Software/Data/NPN-LTER Paper citations}
}


@Misc{scipy,
  Author = {Jones, Eric and Oliphant, Travis and Peterson, Pearu and Others},
  Howpublished = {\url{http://www.scipy.org/}},
  Title = {SciPy: Open Source Scientific Tools for Python},
  Year = {2001},
  Mendeley.groups = {Software/Data,Software/Data/NPN-LTER Paper citations}
}


@Misc{prismdata,
  Author = {{PRISM Climate Group}},
  Howpublished = {\url{http://prism.oregonstate.edu}},
  Publisher = {Oregon State University},
  Title = {Oregon State University},
  Year = {2004},
  Mendeley.groups = {Software/Data,Scale Project/Paper refs,Software/Data/NPN-LTER Paper citations},
  Url = {http://prism.oregonsate.edu}
}


@Misc{okeefe2015,
  Author = {O'Keefe, J.},
  Title = {Phenology of Woody Species at Harvard Forest since 1990. Harvard Forest Data Archive: HF003},
  Year = {2015},
  Mendeley.groups = {Software/Data,Software/Data/NPN-LTER Paper citations}
}


@Misc{rcitation,
  Address = {Vienna: R Foundation for Statistical Computing.},
  Author = {{R Core Team}},
  Title = {R: a language and environment for statistical computing},
  Year = {2017},
}

@misc{python,
author = {{Python Software Foundation}},
howpublished = {\url{http://www.python.org}},
mendeley-groups = {Software/Data,Software/Data/NPN-LTER Paper citations},
title = {{Python Language Reference Manual, version 3.6}},
year = {2018}
}
